<?xml version="1.0" encoding="UTF-8"?><record xmlns="http://www.loc.gov/MARC21/slim" xmlns:cinclude="http://apache.org/cocoon/include/1.0" xmlns:zs="http://www.loc.gov/zing/srw/">
  <leader>00364nz  a2200133n  4500</leader>
  <controlfield tag="001">no2002106701</controlfield>
  <controlfield tag="003">DLC</controlfield>
  <controlfield tag="005">20021123071025.0</controlfield>
  <controlfield tag="008">021122n| acannaabn          |n aaa     c</controlfield>
  <datafield tag="010" ind1=" " ind2=" ">
    <subfield code="a">no2002106701</subfield>
  </datafield>
  <datafield tag="035" ind1=" " ind2=" ">
    <subfield code="a">(OCoLC)oca05918018</subfield>
  </datafield>
  <datafield tag="040" ind1=" " ind2=" ">
    <subfield code="a">DHMM</subfield>
    <subfield code="b">eng</subfield>
    <subfield code="c">DHMM</subfield>
  </datafield>
  <datafield tag="100" ind1="1" ind2=" ">
    <subfield code="a">Ebbing, Kurt,</subfield>
    <subfield code="d">1932-</subfield>
  </datafield>
  <datafield tag="670" ind1=" " ind2=" ">
    <subfield code="a">Die Hitlerzeit, 2001:</subfield>
    <subfield code="b">t.p. (Kurt Ebbing) p. 4 of cover (b. 1932)</subfield>
  </datafield>
</record>